<?xml version="1.0" encoding="UTF-8"?>
<!DOCTYPE html PUBLIC "-//W3C//DTD XHTML 1.0 Transitional//EN"
    "http://www.w3.org/TR/xhtml1/DTD/xhtml1-transitional.dtd">
<html xmlns="http://www.w3.org/1999/xhtml" xml:lang="en" lang="en">
 <head>
  <title>
</title>
<meta http-equiv="Content-Type" content="text/html;charset=utf-8" />
  <meta name='ocr-system' content='tesseract 3.04.00' />
  <meta name='ocr-capabilities' content='ocr_page ocr_carea ocr_par ocr_line ocrx_word'/>
</head>
<body>
  <div class='ocr_page' id='page_1' title='image "./c1artepoeticadeq00hora_0240.png"; bbox 0 0 2333 3430; ppageno 0'>
   <div class='ocr_carea' id='block_1_1' title="bbox 0 0 645 267">
    <p class='ocr_par' dir='ltr' id='par_1_1' title="bbox 0 0 645 267">
     <span class='ocr_line' id='line_1_1' title="bbox 0 0 645 267; baseline 0 3163"><span class='ocrx_word' id='word_1_1' title='bbox 0 0 645 267; x_wconf 95' lang='lat' dir='ltr'><em> </em></span> 
     </span>
    </p>
   </div>
   <div class='ocr_carea' id='block_1_2' title="bbox 789 140 1698 243">
    <p class='ocr_par' dir='ltr' id='par_1_2' title="bbox 789 140 1698 243">
     <span class='ocr_line' id='line_1_2' title="bbox 789 140 1698 243; baseline 0 -22"><span class='ocrx_word' id='word_1_2' title='bbox 789 140 1268 243; x_wconf 82' lang='lat' dir='ltr'><em>Supplemento</em></span> <span class='ocrx_word' id='word_1_3' title='bbox 1300 146 1384 226; x_wconf 75' lang='lat' dir='ltr'><em>iis</em></span> <span class='ocrx_word' id='word_1_4' title='bbox 1423 151 1698 231; x_wconf 79' lang='lat' dir='ltr'><em>Notas,</em></span> 
     </span>
    </p>
   </div>
   <div class='ocr_carea' id='block_1_3' title="bbox 366 299 2120 1374">
    <p class='ocr_par' dir='ltr' id='par_1_3' title="bbox 614 299 1856 492">
     <span class='ocr_line' id='line_1_3' title="bbox 623 299 1812 367; baseline 0.008 -21"><span class='ocrx_word' id='word_1_5' title='bbox 623 299 755 348; x_wconf 87' lang='lat' dir='ltr'><em>D&#39;un</em></span> <span class='ocrx_word' id='word_1_6' title='bbox 778 318 999 348; x_wconf 86' lang='lat' dir='ltr'><em>nouveaux</em></span> <span class='ocrx_word' id='word_1_7' title='bbox 1019 309 1270 367; x_wconf 81' lang='lat' dir='ltr'><em>personnage</em></span> <span class='ocrx_word' id='word_1_8' title='bbox 1303 311 1505 355; x_wconf 84' lang='lat' dir='ltr'><em>inventez</em></span> <span class='ocrx_word' id='word_1_9' title='bbox 1532 325 1636 355; x_wconf 82' lang='lat' dir='ltr'><em>vous</em></span> <span class='ocrx_word' id='word_1_10' title='bbox 1659 308 1812 356; x_wconf 87' lang='lat' dir='ltr'><em>l&#39;idee?</em></span> 
     </span>
     <span class='ocr_line' id='line_1_4' title="bbox 620 365 1800 432; baseline 0.007 -22"><span class='ocrx_word' id='word_1_11' title='bbox 620 366 720 429; x_wconf 72' lang='lat' dir='ltr'><em>Q’</em></span> <span class='ocrx_word' id='word_1_12' title='bbox 742 381 792 411; x_wconf 85' lang='lat' dir='ltr'><em>en</em></span> <span class='ocrx_word' id='word_1_13' title='bbox 814 375 904 411; x_wconf 91' lang='lat' dir='ltr'><em>tout</em></span> <span class='ocrx_word' id='word_1_14' title='bbox 925 381 1029 410; x_wconf 81' lang='lat' dir='ltr'><em>avec</em></span> <span class='ocrx_word' id='word_1_15' title='bbox 1038 365 1259 425; x_wconf 82' lang='lat' dir='ltr'><em>soi—meme</em></span> <span class='ocrx_word' id='word_1_16' title='bbox 1281 372 1316 414; x_wconf 88' lang='lat' dir='ltr'><em>il</em></span> <span class='ocrx_word' id='word_1_17' title='bbox 1324 371 1374 431; x_wconf 88' lang='lat' dir='ltr'><em>se</em></span> <span class='ocrx_word' id='word_1_18' title='bbox 1396 382 1557 417; x_wconf 87' lang='lat' dir='ltr'><em>montre</em></span> <span class='ocrx_word' id='word_1_19' title='bbox 1577 374 1771 418; x_wconf 86' lang='lat' dir='ltr'><em>d&#39;accord</em></span> <span class='ocrx_word' id='word_1_20' title='bbox 1785 407 1800 432; x_wconf 82' lang='lat'>‚</span> 
     </span>
     <span class='ocr_line' id='line_1_5' title="bbox 614 427 1856 492; baseline 0.005 -19"><span class='ocrx_word' id='word_1_21' title='bbox 614 429 690 474; x_wconf 90' lang='lat' dir='ltr'><em>·Et</em></span> <span class='ocrx_word' id='word_1_22' title='bbox 714 431 781 488; x_wconf 82' lang='lat' dir='ltr'><em>qu‘</em></span> <span class='ocrx_word' id='word_1_23' title='bbox 801 430 837 473; x_wconf 92' lang='lat' dir='ltr'><em>il</em></span> <span class='ocrx_word' id='word_1_24' title='bbox 845 427 1054 488; x_wconf 85' lang='lat' dir='ltr'><em>soitjusq’</em></span> <span class='ocrx_word' id='word_1_25' title='bbox 1078 445 1133 474; x_wconf 82' lang='lat' dir='ltr'><em>au</em></span> <span class='ocrx_word' id='word_1_26' title='bbox 1160 432 1256 474; x_wconf 79' lang='lat' dir='ltr'><em>boat</em></span> <span class='ocrx_word' id='word_1_27' title='bbox 1283 435 1343 476; x_wconf 87' lang='lat' dir='ltr'><em>tel</em></span> <span class='ocrx_word' id='word_1_28' title='bbox 1360 437 1482 492; x_wconf 84' lang='lat' dir='ltr'><em>qu&#39;en</em></span> <span class='ocrx_word' id='word_1_29' title='bbox 1502 436 1564 478; x_wconf 82' lang='lat' dir='ltr'><em>l&#39;a</em></span> <span class='ocrx_word' id='word_1_30' title='bbox 1585 450 1645 479; x_wconf 83' lang='lat' dir='ltr'><em>vu</em></span> <span class='ocrx_word' id='word_1_31' title='bbox 1666 434 1856 481; x_wconf 80' lang='lat' dir='ltr'><em>d&#39;abord.</em></span> 
     </span>
    </p>

    <p class='ocr_par' dir='ltr' id='par_1_4' title="bbox 366 489 2117 993">
     <span class='ocr_line' id='line_1_6' title="bbox 492 489 2112 556; baseline 0.001 -18"><span class='ocrx_word' id='word_1_32' title='bbox 492 491 622 538; x_wconf 81' lang='lat' dir='ltr'><em>Fidus</em></span> <span class='ocrx_word' id='word_1_33' title='bbox 646 493 858 548; x_wconf 88' lang='lat' dir='ltr'><em>Interpres</em></span> <span class='ocrx_word' id='word_1_34' title='bbox 882 522 897 547; x_wconf 83' lang='lat'>‚</span> <span class='ocrx_word' id='word_1_35' title='bbox 933 489 1026 540; x_wconf 57' lang='lat' dir='ltr'><em>&amp;a</em></span> <span class='ocrx_word' id='word_1_36' title='bbox 1068 506 1079 534; x_wconf 91' lang='lat'>:</span> <span class='ocrx_word' id='word_1_37' title='bbox 1119 492 1294 537; x_wconf 83' lang='lat' dir='ltr'><em>Cicero</em></span> <span class='ocrx_word' id='word_1_38' title='bbox 1332 510 1393 540; x_wconf 86' lang='lat' dir='ltr'><em>no</em></span> <span class='ocrx_word' id='word_1_39' title='bbox 1421 495 1498 541; x_wconf 88' lang='lat' dir='ltr'><em>seu</em></span> <span class='ocrx_word' id='word_1_40' title='bbox 1540 498 1587 541; x_wconf 96' lang='lat' dir='ltr'>T</span> <span class='ocrx_word' id='word_1_41' title='bbox 1593 499 1753 544; x_wconf 81' lang='lat' dir='ltr'><em>ratado</em></span> <span class='ocrx_word' id='word_1_42' title='bbox 1787 500 1834 542; x_wconf 87' lang='lat' dir='ltr'><em>de</em></span> <span class='ocrx_word' id='word_1_43' title='bbox 1856 500 1998 556; x_wconf 87' lang='lat' dir='ltr'><em>optim.</em></span> <span class='ocrx_word' id='word_1_44' title='bbox 2015 511 2112 556; x_wconf 85' lang='lat' dir='ltr'><em>gen.</em></span> 
     </span>
     <span class='ocr_line' id='line_1_7' title="bbox 379 551 2114 616; baseline 0 -14"><span class='ocrx_word' id='word_1_45' title='bbox 379 565 489 602; x_wconf 85' lang='lat' dir='ltr'><em>orat.</em></span> <span class='ocrx_word' id='word_1_46' title='bbox 515 552 718 600; x_wconf 82' lang='lat' dir='ltr'><em>fallando</em></span> <span class='ocrx_word' id='word_1_47' title='bbox 755 552 812 596; x_wconf 92' lang='lat' dir='ltr'><em>de</em></span> <span class='ocrx_word' id='word_1_48' title='bbox 838 553 947 598; x_wconf 83' lang='lat' dir='ltr'>duas</span> <span class='ocrx_word' id='word_1_49' title='bbox 985 551 1198 613; x_wconf 67' lang='lat' dir='ltr'><em>Oraeoes</em></span> <span class='ocrx_word' id='word_1_50' title='bbox 1229 554 1286 599; x_wconf 89' lang='lat' dir='ltr'><em>de</em></span> <span class='ocrx_word' id='word_1_51' title='bbox 1315 556 1521 603; x_wconf 83' lang='lat' dir='ltr'><em>Eschino</em></span> <span class='ocrx_word' id='word_1_52' title='bbox 1543 591 1558 616; x_wconf 83' lang='lat'>‚</span> <span class='ocrx_word' id='word_1_53' title='bbox 1594 574 1618 603; x_wconf 93' lang='lat' dir='ltr'><em>e</em></span> <span class='ocrx_word' id='word_1_54' title='bbox 1649 561 1705 606; x_wconf 89' lang='lat' dir='ltr'><em>de</em></span> <span class='ocrx_word' id='word_1_55' title='bbox 1731 559 2074 606; x_wconf 87' lang='lat' dir='ltr'><em>Demosthenes</em></span> <span class='ocrx_word' id='word_1_56' title='bbox 2097 591 2114 616; x_wconf 88' lang='lat'>‚</span> 
     </span>
     <span class='ocr_line' id='line_1_8' title="bbox 381 613 2116 683; baseline 0.002 -20"><span class='ocrx_word' id='word_1_57' title='bbox 381 634 472 680; x_wconf 89' lang='lat' dir='ltr'><em>que</em></span> <span class='ocrx_word' id='word_1_58' title='bbox 497 615 587 662; x_wconf 86' lang='lat' dir='ltr'><em>elle</em></span> <span class='ocrx_word' id='word_1_59' title='bbox 611 615 844 661; x_wconf 84' lang='lat' dir='ltr'><em>traduzira</em></span> <span class='ocrx_word' id='word_1_60' title='bbox 868 648 883 673; x_wconf 84' lang='grc'>,</span> <span class='ocrx_word' id='word_1_61' title='bbox 918 629 1000 660; x_wconf 83' lang='lat' dir='ltr'><em>nos</em></span> <span class='ocrx_word' id='word_1_62' title='bbox 1023 613 1079 661; x_wconf 63' lang='lat' dir='ltr'><em>dit</em></span> <span class='ocrx_word' id='word_1_63' title='bbox 1100 617 1215 662; x_wconf 86' lang='lat' dir='ltr'><em>hum</em></span> <span class='ocrx_word' id='word_1_64' title='bbox 1240 617 1419 664; x_wconf 85' lang='lat' dir='ltr'><em>illustre</em></span> <span class='ocrx_word' id='word_1_65' title='bbox 1445 622 1668 680; x_wconf 86' lang='lat' dir='ltr'><em>exemplo</em></span> <span class='ocrx_word' id='word_1_66' title='bbox 1693 639 1802 683; x_wconf 82' lang='lat' dir='ltr'>para</span> <span class='ocrx_word' id='word_1_67' title='bbox 1835 621 2116 668; x_wconf 74' lang='lat' dir='ltr'><em>corroborat</em></span> 
     </span>
     <span class='ocr_line' id='line_1_9' title="bbox 378 678 2113 747; baseline 0.002 -20"><span class='ocrx_word' id='word_1_68' title='bbox 378 681 474 727; x_wconf 85' lang='lat' dir='ltr'><em>este</em></span> <span class='ocrx_word' id='word_1_69' title='bbox 499 678 651 740; x_wconf 71' lang='lat' dir='ltr'><em>lugat.</em></span> <span class='ocrx_word' id='word_1_70' title='bbox 689 680 785 724; x_wconf 90' lang='lat' dir='ltr'><em>Nec</em></span> <span class='ocrx_word' id='word_1_71' title='bbox 811 680 1000 723; x_wconf 85' lang='lat' dir='ltr'><em>converti</em></span> <span class='ocrx_word' id='word_1_72' title='bbox 1026 689 1073 723; x_wconf 83' lang='lat' dir='ltr'><em>ut</em></span> <span class='ocrx_word' id='word_1_73' title='bbox 1094 682 1298 738; x_wconf 79' lang='lat' dir='ltr'><em>interpres</em></span> <span class='ocrx_word' id='word_1_74' title='bbox 1330 715 1345 740; x_wconf 79' lang='lat'>,</span> <span class='ocrx_word' id='word_1_75' title='bbox 1369 681 1451 743; x_wconf 89' lang='lat' dir='ltr'><em>sed</em></span> <span class='ocrx_word' id='word_1_76' title='bbox 1485 694 1532 728; x_wconf 88' lang='lat' dir='ltr'><em>ut</em></span> <span class='ocrx_word' id='word_1_77' title='bbox 1568 697 1708 730; x_wconf 87' lang='lat' dir='ltr'><em>orator</em></span> <span class='ocrx_word' id='word_1_78' title='bbox 1733 719 1748 743; x_wconf 82' lang='lat'>,</span> <span class='ocrx_word' id='word_1_79' title='bbox 1786 684 2006 747; x_wconf 77' lang='lat' dir='ltr'><em>sententiis</em></span> <span class='ocrx_word' id='word_1_80' title='bbox 2040 684 2113 743; x_wconf 80' lang='lat' dir='ltr'><em>iis-</em></span> 
     </span>
     <span class='ocr_line' id='line_1_10' title="bbox 374 740 2114 808; baseline 0.002 -19"><span class='ocrx_word' id='word_1_81' title='bbox 374 745 468 802; x_wconf 89' lang='lat' dir='ltr'><em>dem</em></span> <span class='ocrx_word' id='word_1_82' title='bbox 492 776 507 800; x_wconf 82' lang='lat'>‚</span> <span class='ocrx_word' id='word_1_83' title='bbox 542 743 596 793; x_wconf 74' lang='lat'><em>&amp;²</em></span> <span class='ocrx_word' id='word_1_84' title='bbox 618 756 762 786; x_wconf 86' lang='lat' dir='ltr'><em>earum</em></span> <span class='ocrx_word' id='word_1_85' title='bbox 780 740 936 800; x_wconf 89' lang='lat' dir='ltr'><em>formis</em></span> <span class='ocrx_word' id='word_1_86' title='bbox 964 775 980 799; x_wconf 83' lang='lat'>‚</span> <span class='ocrx_word' id='word_1_87' title='bbox 1014 753 1234 803; x_wconf 78' lang='lat' dir='ltr'><em>tamquam</em></span> <span class='ocrx_word' id='word_1_88' title='bbox 1253 744 1409 805; x_wconf 83' lang='lat' dir='ltr'><em>figuris</em></span> <span class='ocrx_word' id='word_1_89' title='bbox 1439 779 1454 804; x_wconf 77' lang='grc'>,</span> <span class='ocrx_word' id='word_1_90' title='bbox 1490 747 1630 792; x_wconf 75' lang='lat' dir='ltr'><em>verbis</em></span> <span class='ocrx_word' id='word_1_91' title='bbox 1666 748 1726 792; x_wconf 90' lang='lat' dir='ltr'><em>ad</em></span> <span class='ocrx_word' id='word_1_92' title='bbox 1749 748 1927 807; x_wconf 86' lang='lat' dir='ltr'><em>nostram</em></span> <span class='ocrx_word' id='word_1_93' title='bbox 1951 747 2114 808; x_wconf 87' lang='lat' dir='ltr'><em>consue-</em></span> 
     </span>
     <span class='ocr_line' id='line_1_11' title="bbox 376 805 2115 869; baseline 0.002 -17"><span class='ocrx_word' id='word_1_94' title='bbox 376 807 564 852; x_wconf 79' lang='lat' dir='ltr'><em>tudinem</em></span> <span class='ocrx_word' id='word_1_95' title='bbox 589 808 698 864; x_wconf 87' lang='lat' dir='ltr'><em>aptis</em></span> <span class='ocrx_word' id='word_1_96' title='bbox 727 821 736 848; x_wconf 92' lang='lat'><strong>:</strong></span> <span class='ocrx_word' id='word_1_97' title='bbox 774 807 818 849; x_wconf 89' lang='lat' dir='ltr'><em>in</em></span> <span class='ocrx_word' id='word_1_98' title='bbox 839 805 984 865; x_wconf 73' lang='lat' dir='ltr'><em>quibas</em></span> <span class='ocrx_word' id='word_1_99' title='bbox 1006 821 1084 850; x_wconf 86' lang='lat' dir='ltr'><em>non</em></span> <span class='ocrx_word' id='word_1_100' title='bbox 1111 807 1287 851; x_wconf 75' lang='lat' dir='ltr'><em>verbum</em></span> <span class='ocrx_word' id='word_1_101' title='bbox 1310 822 1389 867; x_wconf 88' lang='lat' dir='ltr'><em>pro</em></span> <span class='ocrx_word' id='word_1_102' title='bbox 1411 810 1537 853; x_wconf 82' lang='lat' dir='ltr'><em>verbo</em></span> <span class='ocrx_word' id='word_1_103' title='bbox 1569 812 1718 869; x_wconf 74' lang='lat' dir='ltr'><em>neceffe</em></span> <span class='ocrx_word' id='word_1_104' title='bbox 1738 811 1866 854; x_wconf 74' lang='lat' dir='ltr'><em>habui</em></span> <span class='ocrx_word' id='word_1_105' title='bbox 1899 811 2067 855; x_wconf 84' lang='lat' dir='ltr'><em>reddere</em></span> <span class='ocrx_word' id='word_1_106' title='bbox 2099 845 2115 869; x_wconf 85' lang='lat'>‚</span> 
     </span>
     <span class='ocr_line' id='line_1_12' title="bbox 366 869 2117 932; baseline 0.001 -18"><span class='ocrx_word' id='word_1_107' title='bbox 366 869 449 932; x_wconf 87' lang='lat' dir='ltr'><em>sed</em></span> <span class='ocrx_word' id='word_1_108' title='bbox 462 883 590 930; x_wconf 85' lang='lat' dir='ltr'><em>genus</em></span> <span class='ocrx_word' id='word_1_109' title='bbox 611 870 791 913; x_wconf 83' lang='lat' dir='ltr'><em>omnium</em></span> <span class='ocrx_word' id='word_1_110' title='bbox 815 870 1038 912; x_wconf 82' lang='lat' dir='ltr'><em>verborum</em></span> <span class='ocrx_word' id='word_1_111' title='bbox 1063 903 1077 926; x_wconf 86' lang='lat'>,</span> <span class='ocrx_word' id='word_1_112' title='bbox 1130 872 1299 930; x_wconf 79' lang='lat' dir='ltr'><em>vimque</em></span> <span class='ocrx_word' id='word_1_113' title='bbox 1320 871 1494 932; x_wconf 75' lang='lat' dir='ltr'><em>fhrvati</em></span> <span class='ocrx_word' id='word_1_114' title='bbox 1522 889 1533 917; x_wconf 90' lang='lat'>:</span> <span class='ocrx_word' id='word_1_115' title='bbox 1577 889 1656 917; x_wconf 88' lang='lat' dir='ltr'><em>non</em></span> <span class='ocrx_word' id='word_1_116' title='bbox 1691 875 1800 917; x_wconf 89' lang='lat' dir='ltr'><em>enim</em></span> <span class='ocrx_word' id='word_1_117' title='bbox 1834 888 1881 917; x_wconf 88' lang='lat' dir='ltr'><em>ea</em></span> <span class='ocrx_word' id='word_1_118' title='bbox 1920 889 1983 917; x_wconf 88' lang='lat' dir='ltr'><em>me</em></span> <span class='ocrx_word' id='word_1_119' title='bbox 2018 889 2117 918; x_wconf 85' lang='lat' dir='ltr'><em>enu-</em></span> 
     </span>
     <span class='ocr_line' id='line_1_13' title="bbox 378 931 1497 993; baseline 0.002 -15"><span class='ocrx_word' id='word_1_120' title='bbox 378 948 541 978; x_wconf 87' lang='lat' dir='ltr'><em>merare</em></span> <span class='ocrx_word' id='word_1_121' title='bbox 564 933 705 976; x_wconf 67' lang='lat' dir='ltr'><em>lefft&#39;ori</em></span> <span class='ocrx_word' id='word_1_122' title='bbox 721 933 880 990; x_wconf 84' lang='lat' dir='ltr'><em>putavi</em></span> <span class='ocrx_word' id='word_1_123' title='bbox 902 942 1090 990; x_wconf 74' lang='lat' dir='ltr'><em>apertere</em></span> <span class='ocrx_word' id='word_1_124' title='bbox 1115 966 1130 990; x_wconf 78' lang='lat'>,</span> <span class='ocrx_word' id='word_1_125' title='bbox 1155 931 1235 993; x_wconf 90' lang='lat' dir='ltr'><em>sed</em></span> <span class='ocrx_word' id='word_1_126' title='bbox 1260 935 1497 992; x_wconf 85' lang='lat' dir='ltr'><em>oppondere.</em></span> 
     </span>
    </p>

    <p class='ocr_par' dir='ltr' id='par_1_5' title="bbox 369 995 2119 1248">
     <span class='ocr_line' id='line_1_14' title="bbox 494 995 2116 1058; baseline 0.001 -18"><span class='ocrx_word' id='word_1_127' title='bbox 494 997 670 1054; x_wconf 84' lang='lat' dir='ltr'><em>Necfic</em></span> <span class='ocrx_word' id='word_1_128' title='bbox 697 997 862 1053; x_wconf 73' lang='lat' dir='ltr'><em>incipies</em></span> <span class='ocrx_word' id='word_1_129' title='bbox 884 1027 899 1051; x_wconf 64' lang='lat'><em>9</em></span> <span class='ocrx_word' id='word_1_130' title='bbox 936 995 1028 1045; x_wconf 55' lang='lat' dir='ltr'><em>&amp;a</em></span> <span class='ocrx_word' id='word_1_131' title='bbox 1061 1012 1070 1039; x_wconf 90' lang='lat'>:</span> <span class='ocrx_word' id='word_1_132' title='bbox 1111 995 1341 1057; x_wconf 83' lang='lat' dir='ltr'><em>Viperani</em></span> <span class='ocrx_word' id='word_1_133' title='bbox 1366 1013 1428 1042; x_wconf 84' lang='lat' dir='ltr'><em>no</em></span> <span class='ocrx_word' id='word_1_134' title='bbox 1458 997 1540 1043; x_wconf 88' lang='lat' dir='ltr'><em>liv.</em></span> <span class='ocrx_word' id='word_1_135' title='bbox 1561 1012 1604 1043; x_wconf 79' lang='lat'><em>2.</em></span> <span class='ocrx_word' id='word_1_136' title='bbox 1637 1015 1740 1058; x_wconf 79' lang='lat' dir='ltr'><em>cap.</em></span> <span class='ocrx_word' id='word_1_137' title='bbox 1761 1012 1804 1058; x_wconf 59' lang='grc' dir='ltr'><em>ς.</em></span> <span class='ocrx_word' id='word_1_138' title='bbox 1829 997 1886 1042; x_wconf 83' lang='lat' dir='ltr'><em>da</em></span> <span class='ocrx_word' id='word_1_139' title='bbox 1910 996 1985 1042; x_wconf 79' lang='lat' dir='ltr'><em>sua</em></span> <span class='ocrx_word' id='word_1_140' title='bbox 2000 996 2116 1042; x_wconf 88' lang='lat' dir='ltr'><em>Poe-</em></span> 
     </span>
     <span class='ocr_line' id='line_1_15' title="bbox 380 1057 2118 1119; baseline -0.001 -15"><span class='ocrx_word' id='word_1_141' title='bbox 380 1058 512 1105; x_wconf 83' lang='lat' dir='ltr'><em>tica:</em></span> <span class='ocrx_word' id='word_1_142' title='bbox 550 1057 684 1103; x_wconf 78' lang='lat' dir='ltr'><em>Nihil</em></span> <span class='ocrx_word' id='word_1_143' title='bbox 701 1058 846 1118; x_wconf 68' lang='lat' dir='ltr'><em>magne</em></span> <span class='ocrx_word' id='word_1_144' title='bbox 872 1057 1107 1118; x_wconf 83' lang='lat' dir='ltr'><em>sonandum</em></span> <span class='ocrx_word' id='word_1_145' title='bbox 1143 1062 1188 1103; x_wconf 88' lang='lat' dir='ltr'><em>in</em></span> <span class='ocrx_word' id='word_1_146' title='bbox 1216 1063 1482 1119; x_wconf 85' lang='lat' dir='ltr'><em>proposttione</em></span> <span class='ocrx_word' id='word_1_147' title='bbox 1518 1083 1533 1116; x_wconf 82' lang='lat'>3</span> <span class='ocrx_word' id='word_1_148' title='bbox 1581 1077 1661 1106; x_wconf 87' lang='lat' dir='ltr'><em>non</em></span> <span class='ocrx_word' id='word_1_149' title='bbox 1691 1063 1802 1106; x_wconf 82' lang='lat' dir='ltr'><em>elata</em></span> <span class='ocrx_word' id='word_1_150' title='bbox 1832 1061 1963 1105; x_wconf 82' lang='lat' dir='ltr'><em>verba</em></span> <span class='ocrx_word' id='word_1_151' title='bbox 1991 1094 2006 1117; x_wconf 77' lang='lat'>‚</span> <span class='ocrx_word' id='word_1_152' title='bbox 2040 1075 2118 1103; x_wconf 86' lang='lat' dir='ltr'><em>non</em></span> 
     </span>
     <span class='ocr_line' id='line_1_16' title="bbox 369 1120 2119 1184; baseline 0.001 -19"><span class='ocrx_word' id='word_1_153' title='bbox 369 1121 570 1182; x_wconf 70' lang='lat' dir='ltr'><em>promiffle</em></span> <span class='ocrx_word' id='word_1_154' title='bbox 588 1121 770 1180; x_wconf 82' lang='lat' dir='ltr'><em>grandia</em></span> <span class='ocrx_word' id='word_1_155' title='bbox 795 1154 810 1178; x_wconf 85' lang='lat'>,</span> <span class='ocrx_word' id='word_1_156' title='bbox 833 1124 926 1180; x_wconf 86' lang='lat' dir='ltr'><em>stne</em></span> <span class='ocrx_word' id='word_1_157' title='bbox 943 1120 1148 1179; x_wconf 61' lang='lat' dir='ltr'><em>affectata</em></span> <span class='ocrx_word' id='word_1_158' title='bbox 1170 1123 1387 1183; x_wconf 71' lang='lat' dir='ltr'><em>diligentia</em></span> <span class='ocrx_word' id='word_1_159' title='bbox 1426 1157 1441 1181; x_wconf 82' lang='lat'>,</span> <span class='ocrx_word' id='word_1_160' title='bbox 1471 1128 1565 1184; x_wconf 85' lang='lat' dir='ltr'><em>stne</em></span> <span class='ocrx_word' id='word_1_161' title='bbox 1599 1126 1686 1169; x_wconf 86' lang='lat' dir='ltr'><em>ulla</em></span> <span class='ocrx_word' id='word_1_162' title='bbox 1716 1126 1869 1184; x_wconf 79' lang='lat' dir='ltr'><em>ingenii</em></span> <span class='ocrx_word' id='word_1_163' title='bbox 1893 1156 1908 1180; x_wconf 80' lang='lat'>‚</span> <span class='ocrx_word' id='word_1_164' title='bbox 1952 1133 2028 1167; x_wconf 80' lang='lat' dir='ltr'><em>aut</em></span> <span class='ocrx_word' id='word_1_165' title='bbox 2047 1122 2119 1166; x_wconf 84' lang='lat' dir='ltr'><em>do-</em></span> 
     </span>
     <span class='ocr_line' id='line_1_17' title="bbox 378 1184 2035 1248; baseline -0.001 -17"><span class='ocrx_word' id='word_1_166' title='bbox 378 1189 523 1231; x_wconf 70' lang='lat' dir='ltr'><em>ctrinae</em></span> <span class='ocrx_word' id='word_1_167' title='bbox 542 1184 831 1229; x_wconf 78' lang='lat' dir='ltr'><em>venditatione</em></span> <span class='ocrx_word' id='word_1_168' title='bbox 857 1218 872 1242; x_wconf 80' lang='lat'><strong><em>‚</em></strong></span> <span class='ocrx_word' id='word_1_169' title='bbox 908 1196 954 1229; x_wconf 87' lang='lat' dir='ltr'><em>ut</em></span> <span class='ocrx_word' id='word_1_170' title='bbox 970 1187 1172 1245; x_wconf 67' lang='lat' dir='ltr'><em>graviter</em></span> <span class='ocrx_word' id='word_1_171' title='bbox 1195 1220 1209 1244; x_wconf 83' lang='grc'>,</span> <span class='ocrx_word' id='word_1_172' title='bbox 1245 1187 1299 1237; x_wconf 70' lang='lat'><em>&amp;³</em></span> <span class='ocrx_word' id='word_1_173' title='bbox 1327 1189 1472 1231; x_wconf 73' lang='lat' dir='ltr'><em>ornate</em></span> <span class='ocrx_word' id='word_1_174' title='bbox 1488 1187 1652 1248; x_wconf 82' lang='lat' dir='ltr'><em>semper</em></span> <span class='ocrx_word' id='word_1_175' title='bbox 1673 1185 1860 1248; x_wconf 74' lang='lat' dir='ltr'><em>insurgat</em></span> <span class='ocrx_word' id='word_1_176' title='bbox 1887 1188 2035 1230; x_wconf 83' lang='lat' dir='ltr'><em>oratio.</em></span> 
     </span>
    </p>

    <p class='ocr_par' dir='ltr' id='par_1_6' title="bbox 379 1243 2120 1374">
     <span class='ocr_line' id='line_1_18' title="bbox 496 1243 2120 1311; baseline 0.002 -21"><span class='ocrx_word' id='word_1_177' title='bbox 496 1247 623 1311; x_wconf 67' lang='lat' dir='ltr'><em>Qid</em></span> <span class='ocrx_word' id='word_1_178' title='bbox 650 1248 818 1307; x_wconf 83' lang='lat' dir='ltr'><em>dignum</em></span> <span class='ocrx_word' id='word_1_179' title='bbox 847 1258 965 1292; x_wconf 77' lang='lat' dir='ltr'><em>tanto</em></span> <span class='ocrx_word' id='word_1_180' title='bbox 992 1282 1006 1306; x_wconf 84' lang='lat'>‚</span> <span class='ocrx_word' id='word_1_181' title='bbox 1054 1250 1146 1300; x_wconf 62' lang='lat' dir='ltr'><em>&amp;a</em></span> <span class='ocrx_word' id='word_1_182' title='bbox 1180 1266 1188 1294; x_wconf 91' lang='lat'>:</span> <span class='ocrx_word' id='word_1_183' title='bbox 1230 1248 1356 1295; x_wconf 82' lang='lat' dir='ltr'><em>Vida</em></span> <span class='ocrx_word' id='word_1_184' title='bbox 1390 1243 1818 1296; x_wconf 69' lang='lat' dir='ltr'><em>excelle11temente</em></span> <span class='ocrx_word' id='word_1_185' title='bbox 1854 1248 1988 1294; x_wconf 86' lang='lat' dir='ltr'><em>sobre</em></span> <span class='ocrx_word' id='word_1_186' title='bbox 2025 1245 2120 1293; x_wconf 86' lang='lat' dir='ltr'><em>este</em></span> 
     </span>
     <span class='ocr_line' id='line_1_19' title="bbox 379 1309 1070 1374; baseline -0.007 -15"><span class='ocrx_word' id='word_1_187' title='bbox 379 1311 517 1374; x_wconf 83' lang='lat' dir='ltr'><em>lugat</em></span> <span class='ocrx_word' id='word_1_188' title='bbox 537 1345 554 1370; x_wconf 82' lang='lat'><strong>,</strong></span> <span class='ocrx_word' id='word_1_189' title='bbox 595 1309 795 1356; x_wconf 82' lang='lat' dir='ltr'><em>dizendo</em></span> <span class='ocrx_word' id='word_1_190' title='bbox 826 1326 886 1355; x_wconf 86' lang='lat' dir='ltr'><em>no</em></span> <span class='ocrx_word' id='word_1_191' title='bbox 913 1311 995 1355; x_wconf 87' lang='lat' dir='ltr'><em>liv.</em></span> <span class='ocrx_word' id='word_1_192' title='bbox 1028 1326 1070 1355; x_wconf 84' lang='lat'><em>2..</em></span> 
     </span>
    </p>
   </div>
   <div class='ocr_carea' id='block_1_4' title="bbox 626 1374 1975 1497">
    <p class='ocr_par' dir='ltr' id='par_1_7' title="bbox 626 1374 1975 1497">
     <span class='ocr_line' id='line_1_20' title="bbox 626 1374 1975 1435; baseline 0.001 -16"><span class='ocrx_word' id='word_1_193' title='bbox 626 1375 724 1419; x_wconf 90' lang='lat' dir='ltr'><em>Nec</em></span> <span class='ocrx_word' id='word_1_194' title='bbox 749 1406 763 1430; x_wconf 87' lang='lat'>‚</span> <span class='ocrx_word' id='word_1_195' title='bbox 786 1377 830 1432; x_wconf 84' lang='lat' dir='ltr'><em>st</em></span> <span class='ocrx_word' id='word_1_196' title='bbox 852 1389 1002 1432; x_wconf 71' lang='lat' dir='ltr'><em>magna</em></span> <span class='ocrx_word' id='word_1_197' title='bbox 1017 1374 1137 1434; x_wconf 90' lang='lat' dir='ltr'><em>sones</em></span> <span class='ocrx_word' id='word_1_198' title='bbox 1162 1408 1177 1433; x_wconf 84' lang='lat'>‚</span> <span class='ocrx_word' id='word_1_199' title='bbox 1212 1390 1303 1420; x_wconf 86' lang='lat' dir='ltr'><em>cum</em></span> <span class='ocrx_word' id='word_1_200' title='bbox 1327 1376 1504 1421; x_wconf 81' lang='lat' dir='ltr'><em>nondum</em></span> <span class='ocrx_word' id='word_1_201' title='bbox 1525 1378 1584 1422; x_wconf 87' lang='lat' dir='ltr'><em>ad</em></span> <span class='ocrx_word' id='word_1_202' title='bbox 1590 1377 1742 1435; x_wconf 87' lang='lat' dir='ltr'><em>praelia</em></span> <span class='ocrx_word' id='word_1_203' title='bbox 1761 1385 1935 1422; x_wconf 85' lang='lat' dir='ltr'><em>ventum</em></span> <span class='ocrx_word' id='word_1_204' title='bbox 1958 1407 1975 1432; x_wconf 83' lang='lat'>,</span> 
     </span>
     <span class='ocr_line' id='line_1_21' title="bbox 626 1434 1651 1497; baseline 0.004 -17"><span class='ocrx_word' id='word_1_205' title='bbox 626 1434 821 1494; x_wconf 78' lang='lat' dir='ltr'><em>Deficias</em></span> <span class='ocrx_word' id='word_1_206' title='bbox 847 1437 978 1480; x_wconf 88' lang='lat' dir='ltr'><em>medio</em></span> <span class='ocrx_word' id='word_1_207' title='bbox 1001 1436 1149 1497; x_wconf 83' lang='lat' dir='ltr'><em>irrisus</em></span> <span class='ocrx_word' id='word_1_208' title='bbox 1172 1441 1397 1483; x_wconf 83' lang='lat' dir='ltr'><em>certamine</em></span> <span class='ocrx_word' id='word_1_209' title='bbox 1426 1472 1440 1497; x_wconf 80' lang='lat'>‚</span> <span class='ocrx_word' id='word_1_210' title='bbox 1475 1456 1565 1484; x_wconf 86' lang='lat' dir='ltr'><em>cum</em></span> <span class='ocrx_word' id='word_1_211' title='bbox 1586 1455 1651 1484; x_wconf 87' lang='lat' dir='ltr'><em>res</em></span> 
     </span>
    </p>
   </div>
   <div class='ocr_carea' id='block_1_5' title="bbox 383 1497 2125 3006">
    <p class='ocr_par' dir='ltr' id='par_1_8' title="bbox 626 1497 1696 1562">
     <span class='ocr_line' id='line_1_22' title="bbox 626 1497 1696 1562; baseline 0.006 -21"><span class='ocrx_word' id='word_1_212' title='bbox 626 1497 823 1557; x_wconf 83' lang='lat' dir='ltr'><em>Postulat</em></span> <span class='ocrx_word' id='word_1_213' title='bbox 846 1500 1027 1558; x_wconf 85' lang='lat' dir='ltr'><em>ingentes</em></span> <span class='ocrx_word' id='word_1_214' title='bbox 1047 1502 1205 1545; x_wconf 87' lang='lat' dir='ltr'><em>animos</em></span> <span class='ocrx_word' id='word_1_215' title='bbox 1229 1534 1245 1558; x_wconf 76' lang='lat'>,</span> <span class='ocrx_word' id='word_1_216' title='bbox 1278 1516 1470 1562; x_wconf 80' lang='lat' dir='ltr'><em>viresque</em></span> <span class='ocrx_word' id='word_1_217' title='bbox 1491 1504 1696 1546; x_wconf 87' lang='lat' dir='ltr'><em>valentes.</em></span> 
     </span>
    </p>

    <p class='ocr_par' dir='ltr' id='par_1_9' title="bbox 625 1561 1670 1624">
     <span class='ocr_line' id='line_1_23' title="bbox 625 1561 1670 1624; baseline 0.003 -18"><span class='ocrx_word' id='word_1_218' title='bbox 625 1561 857 1620; x_wconf 82' lang='lat' dir='ltr'><em>Principiis</em></span> <span class='ocrx_word' id='word_1_219' title='bbox 877 1561 1197 1622; x_wconf 70' lang='lat' dir='ltr'><em>potiusfhmper</em></span> <span class='ocrx_word' id='word_1_220' title='bbox 1222 1566 1383 1608; x_wconf 85' lang='lat' dir='ltr'><em>maiora</em></span> <span class='ocrx_word' id='word_1_221' title='bbox 1401 1564 1637 1624; x_wconf 79' lang='lat' dir='ltr'><em>sequantur</em></span> <span class='ocrx_word' id='word_1_222' title='bbox 1662 1581 1670 1608; x_wconf 89' lang='lat'>:</span> 
     </span>
    </p>

    <p class='ocr_par' dir='ltr' id='par_1_10' title="bbox 626 1624 1651 1685">
     <span class='ocr_line' id='line_1_24' title="bbox 626 1624 1651 1685; baseline 0.003 -17"><span class='ocrx_word' id='word_1_223' title='bbox 626 1624 835 1669; x_wconf 75' lang='lat' dir='ltr'><em>Protinus</em></span> <span class='ocrx_word' id='word_1_224' title='bbox 854 1626 1011 1669; x_wconf 63' lang='lat' dir='ltr'><em>illectas</em></span> <span class='ocrx_word' id='word_1_225' title='bbox 1023 1624 1222 1685; x_wconf 68' lang='lat' dir='ltr'><em>succende</em></span> <span class='ocrx_word' id='word_1_226' title='bbox 1246 1627 1434 1685; x_wconf 84' lang='lat' dir='ltr'><em>cupidine</em></span> <span class='ocrx_word' id='word_1_227' title='bbox 1456 1638 1612 1671; x_wconf 83' lang='lat' dir='ltr'><em>mentes</em></span> <span class='ocrx_word' id='word_1_228' title='bbox 1636 1660 1651 1684; x_wconf 81' lang='lat'>,</span> 
     </span>
    </p>

    <p class='ocr_par' dir='ltr' id='par_1_11' title="bbox 383 1686 2120 1875">
     <span class='ocr_line' id='line_1_25' title="bbox 632 1686 1680 1750; baseline 0.002 -19"><span class='ocrx_word' id='word_1_229' title='bbox 632 1687 696 1731; x_wconf 89' lang='lat' dir='ltr'><em>Et</em></span> <span class='ocrx_word' id='word_1_230' title='bbox 706 1686 896 1745; x_wconf 84' lang='lat' dir='ltr'><em>studium</em></span> <span class='ocrx_word' id='word_1_231' title='bbox 917 1689 1113 1733; x_wconf 65' lang='lat' dir='ltr'><em>leefz‘orum</em></span> <span class='ocrx_word' id='word_1_232' title='bbox 1135 1692 1289 1733; x_wconf 88' lang='lat' dir='ltr'><em>animis</em></span> <span class='ocrx_word' id='word_1_233' title='bbox 1318 1692 1477 1734; x_wconf 68' lang='lat' dir='ltr'><em>innecte</em></span> <span class='ocrx_word' id='word_1_234' title='bbox 1506 1690 1680 1750; x_wconf 81' lang='lat' dir='ltr'><em>legendi.</em></span> 
     </span>
     <span class='ocr_line' id='line_1_26' title="bbox 391 1748 2120 1811; baseline 0.001 -16"><span class='ocrx_word' id='word_1_235' title='bbox 391 1807 398 1811; x_wconf 75' lang='lat'><em>,</em></span> <span class='ocrx_word' id='word_1_236' title='bbox 498 1749 589 1795; x_wconf 88' lang='lat' dir='ltr'><em>Dic</em></span> <span class='ocrx_word' id='word_1_237' title='bbox 613 1750 760 1809; x_wconf 81' lang='lat' dir='ltr'><em>mihi,</em></span> <span class='ocrx_word' id='word_1_238' title='bbox 794 1750 928 1809; x_wconf 64' lang='lat' dir='ltr'><em>llffufa</em></span> <span class='ocrx_word' id='word_1_239' title='bbox 951 1785 966 1810; x_wconf 83' lang='lat'>‚</span> <span class='ocrx_word' id='word_1_240' title='bbox 1002 1752 1158 1798; x_wconf 85' lang='lat' dir='ltr'><em>Virum</em></span> <span class='ocrx_word' id='word_1_241' title='bbox 1189 1786 1203 1810; x_wconf 80' lang='lat'>‚</span> <span class='ocrx_word' id='word_1_242' title='bbox 1240 1752 1333 1804; x_wconf 49' lang='grc' dir='ltr'><em>ζέε.</em></span> <span class='ocrx_word' id='word_1_243' title='bbox 1362 1769 1371 1797; x_wconf 83' lang='grc'>;</span> <span class='ocrx_word' id='word_1_244' title='bbox 1410 1753 1503 1804; x_wconf 78' lang='lat' dir='ltr'><em>&amp;c.</em></span> <span class='ocrx_word' id='word_1_245' title='bbox 1546 1769 1556 1798; x_wconf 77' lang='grc' dir='ltr'><strong><em>ε</em></strong></span> <span class='ocrx_word' id='word_1_246' title='bbox 1608 1752 1655 1798; x_wconf 86' lang='lat' dir='ltr'>O</span> <span class='ocrx_word' id='word_1_247' title='bbox 1691 1749 1867 1797; x_wconf 87' lang='lat' dir='ltr'><em>mesmo</em></span> <span class='ocrx_word' id='word_1_248' title='bbox 1895 1748 2041 1797; x_wconf 83' lang='lat' dir='ltr'><em>Poeta</em></span> <span class='ocrx_word' id='word_1_249' title='bbox 2063 1749 2120 1797; x_wconf 91' lang='lat' dir='ltr'><em>il-</em></span> 
     </span>
     <span class='ocr_line' id='line_1_27' title="bbox 383 1812 936 1875; baseline -0.007 -13"><span class='ocrx_word' id='word_1_250' title='bbox 383 1812 620 1863; x_wconf 84' lang='lat' dir='ltr'><em>lustrando</em></span> <span class='ocrx_word' id='word_1_251' title='bbox 640 1812 735 1858; x_wconf 87' lang='lat' dir='ltr'><em>este</em></span> <span class='ocrx_word' id='word_1_252' title='bbox 760 1812 897 1875; x_wconf 75' lang='lat' dir='ltr'><em>lugat</em></span> <span class='ocrx_word' id='word_1_253' title='bbox 927 1831 936 1858; x_wconf 89' lang='lat'><strong>:</strong></span> 
     </span>
    </p>

    <p class='ocr_par' dir='ltr' id='par_1_12' title="bbox 629 1877 1771 1938">
     <span class='ocr_line' id='line_1_28' title="bbox 629 1877 1771 1938; baseline 0.002 -18"><span class='ocrx_word' id='word_1_254' title='bbox 629 1877 740 1934; x_wconf 89' lang='lat' dir='ltr'><em>Jam</em></span> <span class='ocrx_word' id='word_1_255' title='bbox 760 1880 864 1922; x_wconf 77' lang='lat' dir='ltr'><em>vero‘</em></span> <span class='ocrx_word' id='word_1_256' title='bbox 890 1893 980 1922; x_wconf 85' lang='lat' dir='ltr'><em>cam</em></span> <span class='ocrx_word' id='word_1_257' title='bbox 1001 1893 1088 1922; x_wconf 88' lang='lat' dir='ltr'><em>rem</em></span> <span class='ocrx_word' id='word_1_258' title='bbox 1104 1891 1303 1936; x_wconf 86' lang='lat' dir='ltr'><em>propones</em></span> <span class='ocrx_word' id='word_1_259' title='bbox 1325 1912 1341 1937; x_wconf 81' lang='lat'>,</span> <span class='ocrx_word' id='word_1_260' title='bbox 1376 1881 1536 1924; x_wconf 90' lang='lat' dir='ltr'><em>nomine</em></span> <span class='ocrx_word' id='word_1_261' title='bbox 1560 1893 1771 1938; x_wconf 80' lang='lat' dir='ltr'><em>nunquam</em></span> 
     </span>
    </p>

    <p class='ocr_par' dir='ltr' id='par_1_13' title="bbox 630 1939 1692 2002">
     <span class='ocr_line' id='line_1_29' title="bbox 630 1939 1692 2002; baseline 0.002 -18"><span class='ocrx_word' id='word_1_262' title='bbox 630 1939 817 1984; x_wconf 87' lang='lat' dir='ltr'><em>Prodere</em></span> <span class='ocrx_word' id='word_1_263' title='bbox 843 1943 1056 1985; x_wconf 87' lang='lat' dir='ltr'><em>conveniet</em></span> <span class='ocrx_word' id='word_1_264' title='bbox 1080 1940 1296 2001; x_wconf 87' lang='lat' dir='ltr'><em>manifesto</em></span> <span class='ocrx_word' id='word_1_265' title='bbox 1327 1959 1335 1986; x_wconf 92' lang='lat'><strong>:</strong></span> <span class='ocrx_word' id='word_1_266' title='bbox 1360 1941 1526 2002; x_wconf 84' lang='lat' dir='ltr'><em>semper</em></span> <span class='ocrx_word' id='word_1_267' title='bbox 1544 1944 1692 2001; x_wconf 86' lang='lat' dir='ltr'><em>opertis</em></span> 
     </span>
    </p>

    <p class='ocr_par' dir='ltr' id='par_1_14' title="bbox 630 2002 1667 2066">
     <span class='ocr_line' id='line_1_30' title="bbox 630 2002 1667 2066; baseline 0.002 -20"><span class='ocrx_word' id='word_1_268' title='bbox 630 2002 804 2047; x_wconf 73' lang='lat' dir='ltr'><em>Indictis</em></span> <span class='ocrx_word' id='word_1_269' title='bbox 827 2036 842 2060; x_wconf 78' lang='lat'>,</span> <span class='ocrx_word' id='word_1_270' title='bbox 875 2005 988 2064; x_wconf 75' lang='lat' dir='ltr'><em>longe</em></span> <span class='ocrx_word' id='word_1_271' title='bbox 1010 2003 1063 2053; x_wconf 62' lang='lat'><em>{9³</em></span> <span class='ocrx_word' id='word_1_272' title='bbox 1094 2005 1317 2048; x_wconf 81' lang='lat' dir='ltr'><em>verborum</em></span> <span class='ocrx_word' id='word_1_273' title='bbox 1340 2005 1512 2066; x_wconf 75' lang='lat' dir='ltr'><em>ambage</em></span> <span class='ocrx_word' id='word_1_274' title='bbox 1528 2007 1667 2064; x_wconf 88' lang='lat' dir='ltr'><em>petita</em></span> 
     </span>
    </p>

    <p class='ocr_par' dir='ltr' id='par_1_15' title="bbox 631 2064 1886 2127">
     <span class='ocr_line' id='line_1_31' title="bbox 631 2064 1886 2127; baseline 0 -17"><span class='ocrx_word' id='word_1_275' title='bbox 631 2065 882 2124; x_wconf 76' lang='lat' dir='ltr'><em>Significant</em></span> <span class='ocrx_word' id='word_1_276' title='bbox 906 2099 920 2123; x_wconf 81' lang='lat'>‚</span> <span class='ocrx_word' id='word_1_277' title='bbox 956 2067 1181 2125; x_wconf 70' lang='lat' dir='ltr'><em>umbraque</em></span> <span class='ocrx_word' id='word_1_278' title='bbox 1205 2068 1407 2112; x_wconf 80' lang='lat' dir='ltr'><em>obducunt</em></span> <span class='ocrx_word' id='word_1_279' title='bbox 1437 2084 1446 2112; x_wconf 92' lang='lat'>:</span> <span class='ocrx_word' id='word_1_280' title='bbox 1484 2069 1579 2111; x_wconf 83' lang='lat' dir='ltr'><em>inde</em></span> <span class='ocrx_word' id='word_1_281' title='bbox 1604 2078 1745 2112; x_wconf 88' lang='lat' dir='ltr'><em>tamen</em></span> <span class='ocrx_word' id='word_1_282' title='bbox 1770 2100 1785 2126; x_wconf 78' lang='lat'>‚</span> <span class='ocrx_word' id='word_1_283' title='bbox 1807 2064 1886 2127; x_wconf 91' lang='lat' dir='ltr'><em>seu</em></span> 
     </span>
    </p>

    <p class='ocr_par' dir='ltr' id='par_1_16' title="bbox 633 2127 1628 2190">
     <span class='ocr_line' id='line_1_32' title="bbox 633 2127 1628 2190; baseline 0 -18"><span class='ocrx_word' id='word_1_284' title='bbox 633 2127 844 2187; x_wconf 81' lang='lat' dir='ltr'><em>Sublustri</em></span> <span class='ocrx_word' id='word_1_285' title='bbox 866 2129 887 2173; x_wconf 73' lang='grc' dir='ltr'><em>ὲ</em></span> <span class='ocrx_word' id='word_1_286' title='bbox 913 2130 1059 2173; x_wconf 75' lang='lat' dir='ltr'><em>nebula</em></span> <span class='ocrx_word' id='word_1_287' title='bbox 1085 2162 1100 2186; x_wconf 77' lang='lat'>,</span> <span class='ocrx_word' id='word_1_288' title='bbox 1135 2143 1276 2173; x_wconf 88' lang='lat' dir='ltr'><em>rerum</em></span> <span class='ocrx_word' id='word_1_289' title='bbox 1295 2132 1475 2174; x_wconf 83' lang='lat' dir='ltr'><em>tralucet</em></span> <span class='ocrx_word' id='word_1_290' title='bbox 1495 2133 1628 2190; x_wconf 79' lang='lat' dir='ltr'><em>imago</em></span> 
     </span>
    </p>

    <p class='ocr_par' dir='ltr' id='par_1_17' title="bbox 632 2191 1729 2251">
     <span class='ocr_line' id='line_1_33' title="bbox 632 2191 1729 2251; baseline 0 -15"><span class='ocrx_word' id='word_1_291' title='bbox 632 2192 803 2236; x_wconf 85' lang='lat' dir='ltr'><em>Clarius</em></span> <span class='ocrx_word' id='word_1_292' title='bbox 825 2225 840 2249; x_wconf 80' lang='lat'>‚</span> <span class='ocrx_word' id='word_1_293' title='bbox 875 2191 928 2242; x_wconf 64' lang='grc' dir='ltr'><em>δέ)</em></span> <span class='ocrx_word' id='word_1_294' title='bbox 948 2193 1069 2236; x_wconf 80' lang='lat' dir='ltr'><em>certis</em></span> <span class='ocrx_word' id='word_1_295' title='bbox 1091 2191 1220 2235; x_wconf 83' lang='lat' dir='ltr'><em>datur</em></span> <span class='ocrx_word' id='word_1_296' title='bbox 1243 2194 1379 2236; x_wconf 84' lang='lat' dir='ltr'><em>omnia</em></span> <span class='ocrx_word' id='word_1_297' title='bbox 1403 2208 1566 2236; x_wconf 82' lang='lat' dir='ltr'><em>cernere</em></span> <span class='ocrx_word' id='word_1_298' title='bbox 1577 2194 1729 2251; x_wconf 67' lang='lat' dir='ltr'><em>figitis.</em></span> 
     </span>
    </p>

    <p class='ocr_par' dir='ltr' id='par_1_18' title="bbox 630 2254 1644 2314">
     <span class='ocr_line' id='line_1_34' title="bbox 630 2254 1644 2314; baseline -0.001 -15"><span class='ocrx_word' id='word_1_299' title='bbox 630 2254 749 2300; x_wconf 77' lang='lat' dir='ltr'><em>Hinc</em></span> <span class='ocrx_word' id='word_1_300' title='bbox 759 2258 802 2314; x_wconf 85' lang='lat' dir='ltr'><em>st</em></span> <span class='ocrx_word' id='word_1_301' title='bbox 822 2254 929 2299; x_wconf 83' lang='lat' dir='ltr'><em>dura</em></span> <span class='ocrx_word' id='word_1_302' title='bbox 951 2255 1207 2312; x_wconf 63' lang='lat' dir='ltr'><em>mihipuffiis</em></span> <span class='ocrx_word' id='word_1_303' title='bbox 1226 2255 1418 2298; x_wconf 82' lang='lat' dir='ltr'><em>dicendus</em></span> <span class='ocrx_word' id='word_1_304' title='bbox 1444 2256 1602 2312; x_wconf 61' lang='lat' dir='ltr'><em>Ulyffes</em></span> <span class='ocrx_word' id='word_1_305' title='bbox 1629 2287 1644 2310; x_wconf 85' lang='lat'><strong>‚</strong></span> 
     </span>
    </p>

    <p class='ocr_par' dir='ltr' id='par_1_19' title="bbox 631 2316 1672 2377">
     <span class='ocr_line' id='line_1_35' title="bbox 631 2316 1672 2377; baseline -0.003 -14"><span class='ocrx_word' id='word_1_306' title='bbox 631 2319 738 2364; x_wconf 91' lang='lat' dir='ltr'><em>Non</em></span> <span class='ocrx_word' id='word_1_307' title='bbox 762 2319 880 2362; x_wconf 84' lang='lat' dir='ltr'><em>illum</em></span> <span class='ocrx_word' id='word_1_308' title='bbox 903 2319 1001 2362; x_wconf 72' lang='lat' dir='ltr'><em>vero</em></span> <span class='ocrx_word' id='word_1_309' title='bbox 1024 2319 1254 2361; x_wconf 79' lang='lat' dir='ltr'><em>memorabo</em></span> <span class='ocrx_word' id='word_1_310' title='bbox 1277 2320 1436 2361; x_wconf 84' lang='lat' dir='ltr'><em>nomine</em></span> <span class='ocrx_word' id='word_1_311' title='bbox 1462 2350 1477 2374; x_wconf 78' lang='lat'>‚</span> <span class='ocrx_word' id='word_1_312' title='bbox 1502 2316 1582 2377; x_wconf 73' lang='lat' dir='ltr'><em>sed</em></span> <span class='ocrx_word' id='word_1_313' title='bbox 1602 2319 1672 2377; x_wconf 79' lang='lat' dir='ltr'><em>qui</em></span> 
     </span>
    </p>

    <p class='ocr_par' dir='ltr' id='par_1_20' title="bbox 635 2377 1907 2438">
     <span class='ocr_line' id='line_1_36' title="bbox 635 2377 1907 2438; baseline -0.002 -12"><span class='ocrx_word' id='word_1_314' title='bbox 635 2379 703 2426; x_wconf 90' lang='lat' dir='ltr'><em>Et</em></span> <span class='ocrx_word' id='word_1_315' title='bbox 732 2396 882 2425; x_wconf 85' lang='lat' dir='ltr'><em>mores</em></span> <span class='ocrx_word' id='word_1_316' title='bbox 906 2379 1153 2425; x_wconf 83' lang='lat' dir='ltr'><em>hominum</em></span> <span class='ocrx_word' id='word_1_317' title='bbox 1181 2380 1441 2425; x_wconf 84' lang='lat' dir='ltr'><em>multorum</em></span> <span class='ocrx_word' id='word_1_318' title='bbox 1471 2379 1591 2424; x_wconf 83' lang='lat' dir='ltr'><em>vidit</em></span> <span class='ocrx_word' id='word_1_319' title='bbox 1616 2413 1631 2436; x_wconf 90' lang='lat'><em>.,</em></span> <span class='ocrx_word' id='word_1_320' title='bbox 1669 2379 1717 2425; x_wconf 64' lang='grc' dir='ltr'><em>ὅ(</em></span> <span class='ocrx_word' id='word_1_321' title='bbox 1741 2377 1907 2438; x_wconf 88' lang='lat' dir='ltr'><em>urbes,</em></span> 
     </span>
    </p>

    <p class='ocr_par' dir='ltr' id='par_1_21' title="bbox 633 2440 1701 2504">
     <span class='ocr_line' id='line_1_37' title="bbox 633 2440 1701 2504; baseline -0.002 -16"><span class='ocrx_word' id='word_1_322' title='bbox 633 2442 893 2504; x_wconf 82' lang='lat' dir='ltr'><em>Naufragus</em></span> <span class='ocrx_word' id='word_1_323' title='bbox 916 2441 1068 2504; x_wconf 83' lang='lat' dir='ltr'><em>eversae</em></span> <span class='ocrx_word' id='word_1_324' title='bbox 1085 2442 1173 2501; x_wconf 84' lang='lat' dir='ltr'><em>post</em></span> <span class='ocrx_word' id='word_1_325' title='bbox 1190 2442 1314 2502; x_wconf 69' lang='lat' dir='ltr'><em>sceva</em></span> <span class='ocrx_word' id='word_1_326' title='bbox 1333 2443 1521 2487; x_wconf 83' lang='lat' dir='ltr'><em>incendia</em></span> <span class='ocrx_word' id='word_1_327' title='bbox 1546 2440 1701 2502; x_wconf 77' lang='lat' dir='ltr'><em>Troyae.</em></span> 
     </span>
    </p>

    <p class='ocr_par' dir='ltr' id='par_1_22' title="bbox 387 2505 2125 2756">
     <span class='ocr_line' id='line_1_38' title="bbox 634 2505 1780 2566; baseline -0.002 -15"><span class='ocrx_word' id='word_1_328' title='bbox 634 2507 808 2551; x_wconf 84' lang='lat' dir='ltr'><em>Addam</em></span> <span class='ocrx_word' id='word_1_329' title='bbox 831 2509 920 2551; x_wconf 82' lang='lat' dir='ltr'><em>alia</em></span> <span class='ocrx_word' id='word_1_330' title='bbox 944 2540 959 2563; x_wconf 75' lang='lat'><strong>‚</strong></span> <span class='ocrx_word' id='word_1_331' title='bbox 994 2505 1175 2566; x_wconf 80' lang='lat' dir='ltr'><em>angustis</em></span> <span class='ocrx_word' id='word_1_332' title='bbox 1200 2508 1459 2565; x_wconf 60' lang='lat' dir='ltr'><em>compleotens</em></span> <span class='ocrx_word' id='word_1_333' title='bbox 1486 2508 1622 2550; x_wconf 81' lang='lat' dir='ltr'><em>omnia</em></span> <span class='ocrx_word' id='word_1_334' title='bbox 1644 2507 1780 2551; x_wconf 64' lang='lat' dir='ltr'><em>diet-is.</em></span> 
     </span>
     <span class='ocr_line' id='line_1_39' title="bbox 390 2567 2124 2628; baseline -0.005 -11"><span class='ocrx_word' id='word_1_335' title='bbox 390 2569 506 2617; x_wconf 65' lang='lat' dir='ltr'><em>Na&amp;</em></span> <span class='ocrx_word' id='word_1_336' title='bbox 532 2568 590 2614; x_wconf 89' lang='lat' dir='ltr'><em>he</em></span> <span class='ocrx_word' id='word_1_337' title='bbox 616 2585 775 2614; x_wconf 84' lang='lat' dir='ltr'><em>menos</em></span> <span class='ocrx_word' id='word_1_338' title='bbox 803 2569 1070 2615; x_wconf 78' lang='lat' dir='ltr'><em>excellente</em></span> <span class='ocrx_word' id='word_1_339' title='bbox 1096 2585 1120 2614; x_wconf 88' lang='lat' dir='ltr'>a</span> <span class='ocrx_word' id='word_1_340' title='bbox 1144 2568 1364 2615; x_wconf 74' lang='lat' dir='ltr'><em>&lt;lontrina</em></span> <span class='ocrx_word' id='word_1_341' title='bbox 1390 2603 1405 2627; x_wconf 70' lang='lat'><strong>³</strong></span> <span class='ocrx_word' id='word_1_342' title='bbox 1443 2584 1533 2628; x_wconf 85' lang='lat' dir='ltr'><em>que</em></span> <span class='ocrx_word' id='word_1_343' title='bbox 1559 2568 1694 2614; x_wconf 90' lang='lat' dir='ltr'><em>sobre</em></span> <span class='ocrx_word' id='word_1_344' title='bbox 1720 2567 1814 2613; x_wconf 86' lang='lat' dir='ltr'><em>este</em></span> <span class='ocrx_word' id='word_1_345' title='bbox 1840 2567 2124 2626; x_wconf 81' lang='lat' dir='ltr'><em>importante</em></span> 
     </span>
     <span class='ocr_line' id='line_1_40' title="bbox 388 2626 2125 2694; baseline -0.003 -16"><span class='ocrx_word' id='word_1_346' title='bbox 388 2646 542 2694; x_wconf 86' lang='lat' dir='ltr'><em>ponto</em></span> <span class='ocrx_word' id='word_1_347' title='bbox 566 2647 650 2677; x_wconf 87' lang='lat' dir='ltr'><em>nos</em></span> <span class='ocrx_word' id='word_1_348' title='bbox 677 2632 733 2678; x_wconf 64' lang='lat' dir='ltr'><em>da</em></span> <span class='ocrx_word' id='word_1_349' title='bbox 764 2633 1041 2694; x_wconf 81' lang='lat' dir='ltr'><em>Despreaux</em></span> <span class='ocrx_word' id='word_1_350' title='bbox 1072 2666 1086 2691; x_wconf 84' lang='lat'>,</span> <span class='ocrx_word' id='word_1_351' title='bbox 1123 2632 1348 2678; x_wconf 83' lang='lat' dir='ltr'><em>imitando</em></span> <span class='ocrx_word' id='word_1_352' title='bbox 1374 2648 1398 2678; x_wconf 86' lang='lat' dir='ltr'>a</span> <span class='ocrx_word' id='word_1_353' title='bbox 1417 2632 1632 2678; x_wconf 84' lang='lat' dir='ltr'><em>Horacio</em></span> <span class='ocrx_word' id='word_1_354' title='bbox 1661 2647 1771 2678; x_wconf 84' lang='lat' dir='ltr'><em>com</em></span> <span class='ocrx_word' id='word_1_355' title='bbox 1803 2647 1832 2675; x_wconf 94' lang='lat' dir='ltr'><em>o</em></span> <span class='ocrx_word' id='word_1_356' title='bbox 1864 2626 2085 2688; x_wconf 82' lang='lat' dir='ltr'><em>exemplo</em></span> <span class='ocrx_word' id='word_1_357' title='bbox 2108 2658 2125 2684; x_wconf 85' lang='lat'>‚</span> 
     </span>
     <span class='ocr_line' id='line_1_41' title="bbox 387 2694 1341 2756; baseline -0.002 -14"><span class='ocrx_word' id='word_1_358' title='bbox 387 2695 479 2742; x_wconf 73' lang='lat' dir='ltr'><em>nao</em></span> <span class='ocrx_word' id='word_1_359' title='bbox 506 2696 563 2742; x_wconf 89' lang='lat' dir='ltr'><em>de</em></span> <span class='ocrx_word' id='word_1_360' title='bbox 590 2696 811 2741; x_wconf 83' lang='lat' dir='ltr'><em>Homero</em></span> <span class='ocrx_word' id='word_1_361' title='bbox 838 2730 852 2753; x_wconf 82' lang='lat'>‚</span> <span class='ocrx_word' id='word_1_362' title='bbox 889 2711 982 2741; x_wconf 82' lang='lat' dir='ltr'><em>mas</em></span> <span class='ocrx_word' id='word_1_363' title='bbox 1003 2694 1060 2740; x_wconf 88' lang='lat' dir='ltr'><em>de</em></span> <span class='ocrx_word' id='word_1_364' title='bbox 1092 2694 1301 2756; x_wconf 79' lang='lat' dir='ltr'><em>Virgilio</em></span> <span class='ocrx_word' id='word_1_365' title='bbox 1332 2712 1341 2740; x_wconf 93' lang='lat'>:</span> 
     </span>
    </p>

    <p class='ocr_par' dir='ltr' id='par_1_23' title="bbox 637 2756 1913 2819">
     <span class='ocr_line' id='line_1_42' title="bbox 637 2756 1913 2819; baseline -0.004 -14"><span class='ocrx_word' id='word_1_366' title='bbox 637 2760 696 2805; x_wconf 89' lang='lat' dir='ltr'><em>O’</em></span> <span class='ocrx_word' id='word_1_367' title='bbox 719 2774 794 2819; x_wconf 86' lang='lat' dir='ltr'><em>que</em></span> <span class='ocrx_word' id='word_1_368' title='bbox 806 2761 962 2819; x_wconf 85' lang='lat' dir='ltr'><em>j&#39;aime</em></span> <span class='ocrx_word' id='word_1_369' title='bbox 984 2760 1075 2803; x_wconf 82' lang='lat' dir='ltr'><em>bien</em></span> <span class='ocrx_word' id='word_1_370' title='bbox 1100 2761 1239 2803; x_wconf 85' lang='lat' dir='ltr'><em>mieux</em></span> <span class='ocrx_word' id='word_1_371' title='bbox 1264 2769 1325 2803; x_wconf 87' lang='lat' dir='ltr'><em>cet</em></span> <span class='ocrx_word' id='word_1_372' title='bbox 1349 2761 1520 2804; x_wconf 85' lang='lat' dir='ltr'><em>Auteur</em></span> <span class='ocrx_word' id='word_1_373' title='bbox 1534 2759 1648 2817; x_wconf 88' lang='lat' dir='ltr'><em>plein</em></span> <span class='ocrx_word' id='word_1_374' title='bbox 1673 2756 1876 2815; x_wconf 75' lang='lat' dir='ltr'><em>d&#39;adreffe</em></span> <span class='ocrx_word' id='word_1_375' title='bbox 1898 2787 1913 2813; x_wconf 86' lang='lat'>‚</span> 
     </span>
    </p>

    <p class='ocr_par' dir='ltr' id='par_1_24' title="bbox 638 2821 1704 2884">
     <span class='ocr_line' id='line_1_43' title="bbox 638 2821 1704 2884; baseline -0.001 -18"><span class='ocrx_word' id='word_1_376' title='bbox 638 2821 849 2884; x_wconf 63' lang='lat' dir='ltr'><em>¹&gt;Qiisans</em></span> <span class='ocrx_word' id='word_1_377' title='bbox 864 2821 984 2881; x_wconf 84' lang='lat' dir='ltr'><em>faire</em></span> <span class='ocrx_word' id='word_1_378' title='bbox 1002 2822 1182 2866; x_wconf 70' lang='lat' dir='ltr'><em>d&#39;abord</em></span> <span class='ocrx_word' id='word_1_379' title='bbox 1200 2821 1249 2866; x_wconf 88' lang='lat' dir='ltr'><em>de</em></span> <span class='ocrx_word' id='word_1_380' title='bbox 1259 2825 1302 2882; x_wconf 85' lang='lat' dir='ltr'><em>st</em></span> <span class='ocrx_word' id='word_1_381' title='bbox 1325 2822 1453 2867; x_wconf 80' lang='lat' dir='ltr'><em>haute</em></span> <span class='ocrx_word' id='word_1_382' title='bbox 1465 2822 1663 2881; x_wconf 77' lang='lat' dir='ltr'><em>promeffi</em></span> <span class='ocrx_word' id='word_1_383' title='bbox 1689 2853 1704 2877; x_wconf 81' lang='lat'><strong><em>‚</em></strong></span> 
     </span>
    </p>

    <p class='ocr_par' dir='ltr' id='par_1_25' title="bbox 640 2883 1896 2945">
     <span class='ocr_line' id='line_1_44' title="bbox 640 2883 1896 2945; baseline -0.006 -15"><span class='ocrx_word' id='word_1_384' title='bbox 640 2886 721 2931; x_wconf 65' lang='lat' dir='ltr'><em>Asse</em></span> <span class='ocrx_word' id='word_1_385' title='bbox 746 2886 811 2930; x_wconf 86' lang='lat' dir='ltr'><em>dit</em></span> <span class='ocrx_word' id='word_1_386' title='bbox 831 2886 934 2930; x_wconf 84' lang='lat' dir='ltr'><em>d&#39;un</em></span> <span class='ocrx_word' id='word_1_387' title='bbox 955 2896 1025 2930; x_wconf 86' lang='lat' dir='ltr'><em>ton</em></span> <span class='ocrx_word' id='word_1_388' title='bbox 1042 2883 1126 2945; x_wconf 72' lang='lat' dir='ltr'><em>aife</em></span> <span class='ocrx_word' id='word_1_389' title='bbox 1156 2918 1171 2942; x_wconf 79' lang='lat'>,</span> <span class='ocrx_word' id='word_1_390' title='bbox 1205 2885 1314 2929; x_wconf 87' lang='lat' dir='ltr'><em>doux</em></span> <span class='ocrx_word' id='word_1_391' title='bbox 1339 2919 1354 2942; x_wconf 78' lang='lat'>,</span> <span class='ocrx_word' id='word_1_392' title='bbox 1377 2887 1526 2944; x_wconf 81' lang='lat' dir='ltr'><em>stmple</em></span> <span class='ocrx_word' id='word_1_393' title='bbox 1549 2917 1563 2940; x_wconf 84' lang='lat'>,</span> <span class='ocrx_word' id='word_1_394' title='bbox 1597 2883 1896 2926; x_wconf 75' lang='lat' dir='ltr'><em>harmonienx:</em></span> 
     </span>
    </p>

    <p class='ocr_par' dir='ltr' id='par_1_26' title="bbox 634 2945 1850 3006">
     <span class='ocr_line' id='line_1_45' title="bbox 634 2945 1850 3006; baseline -0.004 -14"><span class='ocrx_word' id='word_1_395' title='bbox 634 2947 694 3004; x_wconf 88' lang='lat' dir='ltr'><em>Je</em></span> <span class='ocrx_word' id='word_1_396' title='bbox 722 2947 891 2994; x_wconf 82' lang='lat' dir='ltr'><em>chante</em></span> <span class='ocrx_word' id='word_1_397' title='bbox 915 2948 978 2994; x_wconf 86' lang='lat' dir='ltr'><em>les</em></span> <span class='ocrx_word' id='word_1_398' title='bbox 1004 2948 1219 2993; x_wconf 75' lang='lat' dir='ltr'><em>combats</em></span> <span class='ocrx_word' id='word_1_399' title='bbox 1240 2982 1255 3006; x_wconf 77' lang='lat'>‚</span> <span class='ocrx_word' id='word_1_400' title='bbox 1290 2951 1331 2992; x_wconf 89' lang='lat' dir='ltr'><em>e’</em></span> <span class='ocrx_word' id='word_1_401' title='bbox 1356 2961 1436 2993; x_wconf 63' lang='lat' dir='ltr'><em>,cet</em></span> <span class='ocrx_word' id='word_1_402' title='bbox 1463 2948 1652 2992; x_wconf 83' lang='lat' dir='ltr'><em>homme</em></span> <span class='ocrx_word' id='word_1_403' title='bbox 1675 2945 1818 3005; x_wconf 80' lang='lat' dir='ltr'><em>pieux</em></span> <span class='ocrx_word' id='word_1_404' title='bbox 1836 2978 1850 3002; x_wconf 77' lang='lat'>,</span> 
     </span>
    </p>
   </div>
   <div class='ocr_carea' id='block_1_6' title="bbox 642 3006 2128 3114">
    <p class='ocr_par' dir='ltr' id='par_1_27' title="bbox 642 3006 2128 3114">
     <span class='ocr_line' id='line_1_46' title="bbox 642 3006 2128 3114; baseline -0.001 -59"><span class='ocrx_word' id='word_1_405' title='bbox 642 3008 745 3068; x_wconf 75' lang='lat' dir='ltr'><em>Qui</em></span> <span class='ocrx_word' id='word_1_406' title='bbox 774 3013 851 3058; x_wconf 79' lang='lat' dir='ltr'><em>des</em></span> <span class='ocrx_word' id='word_1_407' title='bbox 877 3011 1016 3059; x_wconf 82' lang='lat' dir='ltr'><em>bords</em></span> <span class='ocrx_word' id='word_1_408' title='bbox 1039 3009 1304 3073; x_wconf 84' lang='lat' dir='ltr'><em>Phrygiens</em></span> <span class='ocrx_word' id='word_1_409' title='bbox 1330 3009 1527 3056; x_wconf 87' lang='lat' dir='ltr'><em>conduit</em></span> <span class='ocrx_word' id='word_1_410' title='bbox 1551 3009 1658 3054; x_wconf 84' lang='lat' dir='ltr'>dans</span> <span class='ocrx_word' id='word_1_411' title='bbox 1686 3006 1962 3068; x_wconf 82' lang='lat' dir='ltr'><em>l&#39;Ausonie,</em></span> <span class='ocrx_word' id='word_1_412' title='bbox 2053 3066 2128 3114; x_wconf 71' lang='lat' dir='ltr'><em>Le</em></span> 
     </span>
    </p>
   </div>
  </div>
 </body>
</html>
