2333 3430
391 123 526 218 158
892 123 1034 205 De
1058 126 1248 207 Arte
1294 128 1629 211 Poetiea.

374 347 691 433 Crassorum
727 350 1021 415 mediocris
1048 398 1064 428 ‚
1110 355 1260 435 abest
1305 356 1518 419 virtute
1562 356 1755 444 clg'fhrti

375 469 457 528 M
463 473 637 550 effizlae
655 522 673 550 ,
721 499 823 536 nec
857 479 978 561 scit
1013 492 1275 563 quantum
1320 476 1374 539 C
1378 481 1601 559 offelius
1647 484 1875 548 Aulus:

377 591 497 657 Sed
534 615 718 660 tamen
766 605 825 661 in
857 605 1042 689 pretio
1086 609 1203 682 cst:
1260 607 1628 672 mediocribus
1678 615 1777 690 effe
1821 612 2013 674 Poetis

379 716 509 779 Non
552 725 794 790 homines
822 778 837 806 ‚
879 752 985 792 noo
1022 732 1107 793 D?
1133 780 1148 807 ‚
1194 754 1301 793 non
1345 735 1663 822 concffsbre
1702 737 1990 802 columnae.

379 847 467 911 Ut
495 858 711 928 gratas
745 847 886 907 inf-sr
926 845 1151 933 mensos
1172 849 1513 935 symphonia
1555 847 1770 935 dg'scors
1793 895 1810 926 ,

2042 941 2126 1003 Et

499 1129 668 1192 Dzserti
691 1131 910 1190 Mcffalae:
963 1131 1093 1176 Falla
1127 1130 1184 1176 de
1216 1129 1410 1176 Valerio
1438 1128 1635 1176 Messala
1666 1128 1880 1174 Corvino
1901 1162 1917 1188 ‚
1947 1127 2125 1176 famoso

384 1193 575 1240 Orador
606 1196 827 1241 Romano
850 1229 865 1252 ,
901 1212 929 1239 ο
957 1195 1063 1256 qual
1093 1194 1175 1256 foy
1202 1193 1382 1240 Consul
1412 1209 1471 1238 no
1503 1209 1621 1239 anno
1657 1192 1714 1238 de
1736 1193 1898 1238 Roma
1923 1206 2018 1252 722
2048 1227 2064 1252 ‚
2099 1208 2125 1238 e

382 1257 444 1303 he
469 1275 497 1302 o
531 1258 702 1303 mesmo
740 1274 764 1302 a
793 1273 932 1319 quem
973 1270 1103 1304 tanto
1142 1271 1317 1304 eantou
1350 1256 1556 1302 Tibullo
1583 1290 1597 1315 ,
1633 1271 1658 1302 e
1692 1255 1919 1302 celebrou
1946 1256 2124 1303 Cicero

383 1335 461 1366 em
490 1323 663 1367 multos
685 1320 868 1383 lugares
891 1321 966 1366 das
993 1321 1086 1367 suas
1110 1320 1244 1366 obras
1260 1354 1274 1379 ‚
1308 1319 1672 1382 especialmente
1696 1336 1750 1366 na
1776 1318 1852 1364 sua
1877 1319 2018 1365 Carta
2048 1333 2122 1381 15‘.

383 1401 410 1430 a
434 1385 602 1430 Bruto,
656 1385 794 1429 Delle
829 1385 1118 1446 igualmente
1151 1383 1325 1430 deixou
1352 1382 1523 1429 escrito
1549 1382 1881 1442 Quintiliano:
1936 1383 2126 1442 Meſjizla

380 1448 567 1505 nitidus,
590 1448 644 1498 {9⁹
666 1446 864 1492 candidus
879 1482 893 1506 ,
920 1448 973 1498 ἐξ
995 1447 1284 1507 quodammodo
1299 1445 1569 1506 praefhferens
1592 1449 1638 1491 in
1657 1446 1823 1490 dicendo
1844 1446 2122 1491 nobilitatem.

501 1512 701 1570 Coffelius
727 1512 892 1555 Aulus:
948 1511 1053 1570 Foy
1079 1510 1193 1555 hum
1221 1510 1303 1555 dos
1333 1512 1444 1555 mais
1471 1509 1618 1555 fabios
1644 1543 1660 1568 ‚
1694 1525 1719 1554 e
1741 1509 2015 1569 eloquentes
2033 1508 2124 1567 Ju-

382 1572 685 1620 risconsultos
722 1573 782 1618 do
807 1573 882 1620 seu
909 1587 1090 1634 tempo.
1154 1573 1296 1618 Delle
1322 1587 1454 1619 entre
1482 1586 1645 1618 outros
1680 1572 1752 1618 faz
1786 1570 2000 1617 distinfika
2028 1586 2125 1616 me-

383 1639 535 1685 moria
564 1636 754 1683 Valerio
787 1636 1035 1693 Maximo,
1058 1636 1293 1682 referindo
1317 1653 1345 1680 o
1374 1635 1577 1697 fingular
1604 1636 1858 1691 conceito,
1887 1648 1978 1694 que
2002 1633 2125 1679 delle

386 1700 507 1747 fazia
539 1718 567 1746 o
594 1699 769 1746 famoso
794 1699 1140 1759 jurisconsulto
1177 1698 1395 1746 Scevola.
1455 1698 1603 1745 Deste
1642 1697 1769 1744 Aulo
1805 1696 2006 1743 Caffelio
2034 1697 2124 1743 na&

385 1763 535 1809 eziste
560 1764 676 1810 obra
700 1764 889 1827 alguma
915 1798 930 1824 ,
964 1762 1100 1810 sena&
1127 1763 1243 1810 hum
1267 1761 1314 1810 so
1339 1761 1552 1809 Tratado
1580 1777 1689 1809 com
1712 1778 1740 1807 o
1771 1759 1914 1808 titulo
1943 1760 2128 1807 Benedi-

385 1831 561 1873 florum.

508 1892 788 1938 [mediocribus
811 1892 886 1951 effe
915 1893 1057 1937 Po'e'tis
1085 1908 1095 1937 z
1146 1890 1300 1938 Ainda
1329 1907 1419 1954 que
1454 1891 1569 1938 hum
1604 1888 1794 1936 Orador
1817 1888 1906 1935 na&
1939 1888 2127 1950 chegue

389 1956 418 2004 ὲ
441 1957 720 2018 eloquencia
744 1956 800 2000 de
826 1953 1021 2000 Messala
1043 1989 1057 2012 ‚
1093 1971 1200 2001 nem
1234 1957 1346 2003 hum
1369 1953 1715 2017 Jurisconsulto
1740 1969 1795 1999 ao
1818 1953 2127 1999 merecimen-

389 2033 443 2068 to
468 2021 525 2066 de
549 2018 750 2066 Caffelio
773 2053 788 2078 ,
819 2018 951 2063 ainda
975 2018 1097 2064 affim
1128 2035 1312 2066 merece
1343 2017 1594 2080 estimacgac')
1624 2039 1639 2072 3
1677 2032 1860 2079 porque
1890 2031 1965 2062 em
1992 2013 2124 2077 qual-

390 2100 508 2145 quer
535 2081 682 2129 destas
717 2081 980 2128 faculdades
1015 2081 1057 2127 se
1084 2080 1222 2127 soffre
1256 2100 1284 2128 o
1309 2082 1376 2128 ser
1404 2082 1620 2128 mediano
1647 2102 1661 2135 3
1698 2081 1862 2142 porem
1891 2095 1953 2125 no
1978 2079 2126 2124 Poeta

388 2147 482 2193 naf)
513 2148 570 2193 he
598 2146 761 2200 affim3
799 2145 841 2190 se
876 2160 925 2189 os
951 2144 1049 2190 seus
1079 2144 1232 2191 versos
1265 2144 1354 2190 nas)
1388 2145 1460 2189 sa&
1498 2144 1787 2189 excellentes
1812 2176 1827 2200 9
1868 2141 1944 2186 sao
1977 2143 2122 2186 minos.

392 2211 570 2257 Cicero
609 2226 670 2255 no
696 2208 773 2256 seu
794 2208 963 2254 Orador
994 2209 1050 2253 he
1082 2208 1138 2253 de
1173 2208 1365 2270 opiniac')
1402 2206 1580 2252 diversa
1602 2240 1617 2264 ‚
1644 2206 1874 2251 dizendo:
1922 2205 2045 2249 Nam
2080 2205 2126 2246 in

390 2275 537 2321 Poo'tis
561 2290 638 2319 non
668 2274 848 2319 Homero
869 2270 951 2332 soli
974 2274 1080 2317 locus
1106 2272 1159 2331 est
1185 2306 1201 2330 ,
1235 2282 1282 2316 ut
1314 2271 1362 2316 de
1388 2272 1544 2316 Graecis
1565 2272 1739 2330 loquar,
1768 2277 1845 2312 aut
1870 2267 2090 2312 Archiloco
2107 2298 2123 2323 ‚

389 2350 467 2383 aut
493 2339 704 2398 Sophocli,
724 2349 800 2382 aut
827 2336 1014 2381 Pindaro
1035 2357 1049 2389 ·‚
1074 2334 1155 2394 sed
1175 2336 1321 2380 horum
1342 2335 1417 2379 vel
1423 2333 1613 2395 secundis
1629 2367 1643 2392 ,
1673 2334 1745 2378 vel
1769 2333 1896 2376 etiam
1919 2328 2037 2388 infra
2049 2327 2122 2389 ſse-

389 2403 555 2447 cundos.
621 2399 727 2446 Esta
760 2398 1066 2446 authoridade
1097 2398 1361 2445 transcreve
1393 2397 1630 2442 Lambino
1652 2431 1667 2455 ,
1697 2411 1838 2442 como
1876 2393 2122 2452 sentencga‚

392 2479 486 2526 que
512 2467 738 2526 impugna
771 2481 793 2509 a
816 2464 873 2510 de
899 2464 1113 2509 l-Ioracio
1136 2485 1150 2519 3
1190 2463 1354 2524 porem
1391 2459 1485 2507 esta
1513 2461 1705 2520 opiniaf)
1743 2458 1800 2504 cle
1825 2458 1999 2504 Cicero
2032 2454 2121 2499 na6

392 2527 438 2573 se
463 2543 670 2590 oppoem
698 2528 721 2572 ξι
740 2530 798 2574 do
823 2526 952 2572 nosso
982 2525 1155 2581 Poeta3
1194 2541 1376 2588 porque
1402 2541 1513 2586 muy
1538 2524 1648 2570 bem
1670 2523 1712 2569 se
1731 2518 1856 2584 pode
1882 2522 1960 2565 dar
1982 2533 2124 2579 quem

392 2589 485 2650 seja
519 2591 710 2637 inferior
746 2592 859 2637 dous
886 2589 1026 2652 grllos
1062 2607 1086 2635 a
1116 2590 1333 2635 Homero
1360 2623 1375 2647 ,
1415 2588 1678 2634 Archiloco
1709 2621 1724 2646 ,
1761 2581 2019 2646 Sophocles
2045 2614 2060 2639 3,
2098 2596 2123 2625 e

391 2653 625 2713 Pindaro,
661 2670 686 2699 e
714 2670 822 2699 com
849 2654 965 2700 tudo
991 2653 1080 2699 nao
1110 2652 1228 2700 estar
1254 2669 1311 2699 na
1337 2650 1472 2698 claffe
1500 2652 1556 2698 de
1582 2652 1729 2697 Poeta
1753 2647 1997 2703 mediam,
2027 2659 2122 2689 mas

397 2716 482 2763 fim
506 2717 716 2778 superior
735 2719 762 2762 ὰ
788 2718 1101 2762 mediocridode.

513 2784 616 2826 Non
640 2781 850 2840 homines,
874 2797 951 2826 non
976 2781 1048 2826 Di
1065 2815 1078 2839 ,
1102 2781 1193 2832 &a
1215 2795 1225 2824 t
1274 2778 1421 2826 Tudo
1447 2777 1490 2825 se
1515 2776 1726 2837 conspira
1749 2784 1912 2818 contra
1936 2787 1985 2816 os
2003 2770 2126 2815 Poe-

397 2853 466 2887 tas
489 2845 748 2890 medianos:
787 2861 836 2889 os
863 2845 1082 2901 homens,
1106 2861 1154 2889 os
1184 2843 1388 2902 Deoses‚
1412 2859 1436 2888 e
1455 2841 1693 2902 os.pilares
1721 2835 1797 2881 das
1819 2834 2014 2880 estradas
2036 2850 2124 2895 pu-

397 2903 562 2950 blicas.
622 2908 691 2953 Os
720 2908 912 2954 homens
935 2907 1326 2970 desprezando-os
1350 2942 1365 2966 ,
1401 2922 1451 2951 os
1481 2901 1653 2950 Deoses
1685 2904 1701 2960 <
1729 2915 1868 2945 como
1903 2898 2082 2958 Apollo
2104 2928 2121 2954 ‚

398 2965 592 3013 Baccho
618 3003 632 3026 .,
661 2986 685 3014 e
718 2986 761 3014 as
792 2971 944 3017 Musas
972 2974 987 3028 )
1013 2969 1102 3016 na&
1130 2989 1179 3017 os
1205 2970 1515 3016 soccorrendo
1554 2980 1659 3010 com
1687 2980 1730 3009 as
1757 2961 2061 3020 inffioencias,
2095 2973 2120 3004 e

393 3029 768 3094 degradando-os
792 3033 852 3080 do
878 3034 956 3082 seu
980 3035 1273 3082 commercio
1290 3067 1305 3093 ,
1340 3048 1365 3079 e
1390 3047 1433 3077 as
1463 3028 1702 3077 columnas
1717 3061 1733 3088 2
1756 3044 1818 3074 ou
1841 3026 2120 3133 pilarejslpu*

2022 3099 2121 3133 reos
